@Book{seleme:2015,
	author = {Robson Seleme},
	title = {Manutenção industrial},
	subtitle = {mantendo a fábrica em funcionamento},
	publisher = {InterSaberes},
	year = {2015},
	address = {Curitiba},
	edition = {1},
}

@Book{rao:2008,
	author = {Singiresu S. Rao},
	title = {Vibrações mecânicas},
	publisher = {Pearson Prentice Hall},
	year = {2008},
	address = {São Paulo},
	edition = {4},
}

@Book{clark:1972,
	author = {Samuel K. Clark},
	editor = {Y. C. Fung},
	title = {Dynamics of continuous elements},
	publisher = {Prentice-Hall},
	year = {1972},
	address = {New Jersey},
	edition = {1},
}

@Book{timoshenko:1974,
	author = {Stephen Timoshenko and Donovan Harold Young and William Weaver},
	title = {Vibration problems in engineering},
	publisher = {John Wiley \& Sons},
	year = {1974},
	address = {New York},
	edition = {4},
}

@Book{dimarogonas:1995,
	author = {Andrew D. Dimarogonas},
	editor = {Bill Stenquist},
	title = {Vibration for engineers},
	publisher = {Prentice-Hall},
	year = {1995},
	address = {New Jersey},
	edition = {2},
}

@Book{savi:2017,
	author = {Marcelo Amorim Savi and Aline Souza de Paula},
	title = {Vibrações mecânicas},
	publisher = {LTC},
	year = {2017},
	address = {Rio de Janeiro},
	edition = {1},
}

@Book{boyce:2017,
	author = {William E. Boyce and Richard C. DiPrima},
	title = {Equações diferenciais elementares e problemas de valores de contorno},
	publisher = {LTC},
	year = {2017},
	address = {Rio de Janeiro},
	edition = {10},
}

@Book{spiegel:1977,
	author = {Murray Ralph Spiegel},
	title = {Análise de Fourier},
	publisher = {McGraw-Hill},
	year = {1977},
	address = {São Paulo},
	edition = {1},
}

@Book{randall:1987,
	author = {R. B. Randall and B. Tech},
	title = {Frequency Analysis},
	publisher = {Br{\"u}el \& Kj{\ae}r},
	year = {1987},
	address = {N{\ae}rum},
	edition = {3},
}

@Article{al-najjar:2004,
	author = {Basim Al-Najjar and Imad Alsyouf},
	title = {Enhancing a company's profitability and competitiveness using integrated vibration-based maintenance},
	journal = {European Journal of Operational Research},
	year = {2004},
	subtitle = {A case study},
	volume = {157},
	number = {3},
	month = {Sep.},
	pages = {643-657},
}

@Article{peeters:2018,
	author = {C\'edric Peeters and Patrick Guillaume and Jan Helsen},
	title = {Vibration-based bearing fault detection for operations and maintenance cost reduction in wind energy},
	journal = {Renewable Energy},
	year = {2018},
	volume = {116},
	pages = {74-87},
	month = {Feb.},
}

@Article{hashemian:2011,
	author = {H. M. Hashemian and Wendell C. Bean},
	title = {{S}tate-of-the-{A}rt {P}redictive {M}aintenance {T}echniques},
	journal = {IEEE Transactions on Instrumentation and Measurement},
	year = {2011},
	volume = {60},
	number = {10},
	pages = {3480-3492},
	month = {Oct.},
}

@Article{carden:2004,
	author = {Peter Carden and Paul Fanning},
	title = {{V}ibration {B}ased {C}ondition {M}onitoring},
	subtitle = {A Review},
	journal = {Structural Health Monitoring},
	year = {2004},
	volume = {3},
	number = {4},
	pages = {355-377},
	month = {Dec.},
}

@Article{qiao:2011,
	author = {Pizhong Qiao and Wei Fan},
	title = {{V}ibration-based {D}amage {I}dentification {M}ethods},
	subtitle = {A Review and Comparative Study},
	journal = {Structural Health Monitoring},
	year = {2011},
	volume = {10},
	number = {1},
	pages = {83-111},
	month = {Jan.},
}

@Article{cooley:1965,
	author = {James W. Cooley and John W. Tukey},
	title = {{A}n {A}lgorithm for the {M}achine {C}alculation of the {C}omplex {F}ourier {S}eries},
	journal = {Mathematics of Computation},
	year = {1965},
	volume = {19},
	number = {90},
	pages = {297-301},
	month = {Apr.},
}

@Article{mcfadden:1984,
	author = {P. D. McFadden and J. D. Smith},
	title = {Model for the vibration produced by a single point defect in a rolling element bearing},
	journal = {Journal of Sound and Vibration},
	year = {1984},
	volume = {96},
	number = {1},
	pages = {69-82},
	month = {Oct.},
}

@Article{tandon:1997,
	author = {N. Tandon and A. Choudhury},
	title = {An analytical model for the prediction of the vibration response of rolling element bearings due to a localized effect},
	journal = {Journal of Sound and Vibration},
	year = {1997},
	volume = {205},
	number = {3},
	pages = {275-292},
	month = {Aug.},
}

@Article{sassi:2007,
	author = {Sadok Sassi and Bechir Badri and Marc Thomas},
	title = {A numerical model to predict damaged bearing vibrations},
	journal = {Journal of Vibration and Control},
	year = {2007},
	volume = {13},
	number = {11},
	pages = {1603-1628},
	month = {Nov.},
}

@Article{patil:2010,
	author = {M. S. Patil and Jose Mathew and P. K. Rajendrakumar and Sandeep Desai},
	title = {A theoretical model to predict the effect of localized defect on vibrations associated with ball bearing},
	journal = {International Journal of Mechanical Sciences},
	year = {2010},
	volume = {52},
	number = {9},
	pages = {1193-1201},
	month = {Sep.},
}

@Article{cong:2013,
	author = {Feiyun Cong and Jin Chen and Guangming Dong and Michael Pecht},
	title = {Vibration model of rolling element bearings in a rotor-bearing system for fault diagnosis},
	journal = {Journal of Sound and Vibration},
	year = {2013},
	volume = {332},
	number = {8},
	pages = {2081-2097},
	month = {Apr.},
}