@acronym{sig:RPM,
	short = {RPM},
	long = {revolu\c{c}\~oes por minuto}
}

@foreignabbreviation{sig:DFT,
	short = {DFT},
	foreignlong = {Discrete Fourier Transform},
	nativelong = {Transformada Discreta de Fourier}
}

@foreignabbreviation{sig:FFT,
	short = {FFT},
	foreignlong = {Fast Fourier Transform},
	nativelong = {Transformada R\'{a}pida de Fourier}
}

@foreignabbreviation{sig:NREL,
	short = {NREL},
	foreignlong = {National Renewable Energy Laboratory},
	nativelong = {Laborat\'orio Nacional de Energia Renov\'avel}
}