@comment{Medidas básicas e propriedades}
@symbol{s:tempo,
	name = {\ensuremath{t}},
	description = {tempo \unidadetempo}
}

@symbol{s:periodo,
	name = {\ensuremath{\tau}},
	description = {per\'iodo \unidadetempo}
}

@symbol{s:area,
	name = {\ensuremath{A}},
	description = {\'area \unidadearea}
}

@symbol{s:coef-poisson,
	name = {\ensuremath{\nu}},
	description = {coeficiente de Poisson \semunidade}
}

@symbol{s:modulo-elast,
	name = {\ensuremath{E}},
	description = {m\'odulo de elasticidade \unidadepressao}
}

@symbol{s:modulo-elast-efetivo,
	name = {\ensuremath{E'}},
	description = {m\'odulo de elasticidade efetivo \unidadepressao}
}

@symbol{s:rigidez,
	name = {\ensuremath{k}},
	description = {rigidez do material \unidaderigidez}
}

@symbol{s:segundo-momento-area,
	name = {\ensuremath{I}},
	description = {segundo momento de \'area \unidadesegundomomento}
}

@symbol{s:numero-amostras,
	name = {\ensuremath{N}},
	description = {n\'umero de amostras de dados coletadas \semunidade}
}

@symbol{s:diametro,
	name = {\ensuremath{D}},
	description = {di\^ametro \unidadeposicao}
}

@symbol{s:raio-eixo-neutro,
	name = {\ensuremath{R_0}},
	description = {raio do eixo neutro \unidadeposicao}
}

@symbol{s:raio,
	name = {\ensuremath{r}},
	description = {raio \unidadeposicao}
}

@symbol{s:func-impulso,
	name = {\ensuremath{\delta_k}},
	description = {delta de Kronecker \semunidade}
}

@symbol{s:func-decaimento,
	name = {\ensuremath{\mu}},
	description = {fun\c{c}\~ao de decaimento exponencial \semunidade}
}

@comment{Análise de Fourier}
@symbol{s:matriz-unitarios-dft,
	name = {\ensuremath{[\mathbf{A}]}},
	description = {matriz quadrada de vetores unit\'arios \semunidade}
}

@symbol{s:vetor-matriz-unit-dft,
	name = {\ensuremath{\mathbf{a}_{kn}}},
	description = {vetores unit\'arios da matriz \gls{s:matriz-unitarios-dft} \semunidade}
}

@symbol{s:coef-fourier-compl,
	name = {\ensuremath{\alpha_n}},
	description = {coeficiente complexo de Fourier \semunidade}
}

@symbol{s:coef-fourier,
	name = {\ensuremath{a_0, a_n, b_n}},
	description = {harm\^onicas da s\'erie de Fourier \semunidade},
	plural = {\ensuremath{a_0, a_n} e \ensuremath{b_n}}
}

@symbol{s:coef-fourier-int,
	name = {\ensuremath{a_\omega, b_\omega}},
	description = {coeficientes de Fourier \semunidade},
	plural = {\ensuremath{a_\omega} e \ensuremath{b_\omega}}
}

@comment{Massas}
@symbol{s:massa,
	name = {\ensuremath{m}},
	description = {massa \unidademassa}
}

@symbol{s:massa-espec-lin,
  name = {\ensuremath{\rho_l}},
  description = {massa espec\'ifica por unidade de comprimento \unidademassalinear}
}

@symbol{s:massa-elemento,
  name = {\ensuremath{m_i}},
  description = {massa de um elemento do sistema \unidademassa}
}

@comment{Posições e deslocamentos}
@symbol{s:desloc-elastico,
  name = {\ensuremath{\varepsilon}},
  description = {deslocamento do corpo el\'astico \unidadeposicao}
}

@comment{Velocidades}
@symbol{s:constante-onda,
  name = {\ensuremath{\mathit{c}}},
  description = {velocidade de propaga\c{c}\~ao da onda \unidadevelocidade}
}

@symbol{s:veloc-rotacao,
	name = {\ensuremath{N_{r}}},
	description = {velocidade de rota\c{c}\~ao \unidadevelocidaderotacao}
}

@comment{Frequências}
@symbol{s:freq-rad,
  name = {\ensuremath{\omega}},
  description = {frequ\^encia ou velocidade angular \unidadevelocidadeangular}
}

@symbol{s:freq-hz,
  name = {\ensuremath{\mathit{f}}},
  description = {frequ\^encia \unidadefrequencia}
}

@symbol{s:freq-amostra,
  name = {\ensuremath{\mathit{f}_s}},
  description = {frequ\^encia de amostragem \unidadefrequencia}
}

@symbol{s:freq-natural,
  name = {\ensuremath{\omega_n}},
  description = {frequ\^encia natural \unidadevelocidadeangular}
}

@comment{Vetores}
@symbol{s:vetor-desloc,
  name = {\ensuremath{\vec{x}}},
  description = {vetor de deslocamentos \unidadeposicao}
}

@symbol{s:vetor-vel,
  name = {\ensuremath{\dot{\vec{x}}}},
  description = {vetor de velocidades \unidadevelocidade}
}

@symbol{s:vetor-acel,
  name = {\ensuremath{\ddot{\vec{x}}}},
  description = {vetor de acelera\c{c}\~oes \unidadeaceleracao}
}

@symbol{s:vetor-forcas,
  name = {\ensuremath{\vec{F}}},
  description = {vetor de for\c{c}as externas \unidadeforca}
}

@comment{Matrizes}
@symbol{s:matriz-massa,
  name = {\ensuremath{[m]}},
  description = {matriz de massa \unidademassa}
}

@symbol{s:matriz-amort,
  name = {\ensuremath{[c]}},
  description = {matriz de amortecimento \unidadeamortecimento}
}

@symbol{s:matriz-rigidez,
  name = {\ensuremath{[k]}},
  description = {matriz de rigidez \unidaderigidez}
}

@symbol{s:coef-massa,
  name = {\ensuremath{m_{ij}}},
  description = {coeficiente de massa \unidademassa}
}

@symbol{s:coef-amortecimento,
  name = {\ensuremath{c_{ij}}},
  description = {coeficiente de amortecimento \unidadeamortecimento}
}

@symbol{s:coef-rigidez,
  name = {\ensuremath{k_{ij}}},
  description = {coeficiente de rigidez \unidaderigidez}
}

@comment{Forças e momentos}
@symbol{s:forca,
  name = {\ensuremath{F}},
  description = {for\c{c}a \unidadeforca}
}

@symbol{s:tensao-corda,
	name = {\ensuremath{P}},
	description = {for\c{c}a de tra\c{c}\~ao \unidadeforca}
}

@comment{Contato de superfícies}
@symbol{s:int-eliptica-1,
	name = {\ensuremath{\mathcal{K}}},
	description = {integral el\'iptica de primeiro tipo \semunidade}
}

@symbol{s:int-eliptica-2,
	name = {\ensuremath{\mathcal{E}}},
	description = {integral el\'iptica de segundo tipo \semunidade}
}

@symbol{s:param-elipticidade,
	name = {\ensuremath{\kappa}},
	description = {par\^ametro de elipticidade \semunidade}
}

@symbol{s:raio-equiv-x,
	name = {\ensuremath{R_x}},
	description = {raio de curvatura equivalente na dire\c{c}\~ao x \unidadeposicao}
}

@symbol{s:raio-equiv-y,
	name = {\ensuremath{R_y}},
	description = {raio de curvatura equivalente na dire\c{c}\~ao y \unidadeposicao}
}

@symbol{s:curvatura-soma,
	name = {\ensuremath{R}},
	description = {soma de curvatura \unidadeposicao}
}

@symbol{s:curvatura-diferenca,
	name = {\ensuremath{R_d}},
	description = {diferen\c{c}a de curvatura \semunidade}
}

@symbol{s:superf-contato,
	name = {\ensuremath{S}},
	description = {superf\'icie de contato \unidadearea}
}

@symbol{s:carga-radial,
	name = {\ensuremath{w_z}},
	description = {carga radial \unidadeforca}
}

@symbol{s:rigidez-hertz,
	name = {\ensuremath{K_j}},
	description = {rigidez de deforma\c{c}\~ao n\~ao-linear [N/m\textsuperscript{j}]}
}

@symbol{s:deformacao-maxima,
	name = {\ensuremath{\delta_m}},
	description = {deforma\c{c}\~ao el\'astica m\'axima \unidadeposicao}	
}

@symbol{s:exp-naolin,
	name = {\ensuremath{j}},
	description = {expoente n\~ao-linear de deforma\c{c}\~ao exponencial \semunidade}
}

@comment{Teoria EHL}
@symbol{s:pressao,
	name = {\ensuremath{p}},
	description = {press\~ao \unidadepressao}
}

@symbol{s:visc-abs,
	name = {\ensuremath{\eta}},
	description = {viscosidade absoluta \unidadeviscosidadeabs}
}

@symbol{s:esp-filme,
	name = {\ensuremath{h}},
	description = {espessura do filme de lubrificante \unidadeposicao}
}

@symbol{s:massa-espec,
	name = {\ensuremath{\rho}},
	description = {massa espec\'ifica \unidademassaespec}
}

@symbol{s:soma-veloc,
	name = {\ensuremath{u_s}},
	description = {soma de velocidades \unidadevelocidade}
}

@symbol{s:vel-esc-x,
	name = {\ensuremath{u}},
	description = {velocidade de escoamento na dire\c{c}\~ao x \unidadevelocidade}
}

@symbol{s:aprox-mutua,
	name = {\ensuremath{\delta_a}},
	description = {aproxima\c{c}\~ao m\'utua \unidadeposicao}
}

@symbol{s:carga-adim,
	name = {\ensuremath{W}},
	description = {par\^ametro adimensional de carga \semunidade}
}

@symbol{s:veloc-adim,
	name = {\ensuremath{U}},
	description = {par\^ametro adimensional de velocidade \semunidade}
}

@symbol{s:material-adim,
	name = {\ensuremath{G}},
	description = {par\^ametro adimensional de material \semunidade}
}

@symbol{s:visc-abs-0,
	name = {\ensuremath{\eta_0}},
	description = {viscosidade absoluta a $p=0$ e temperatura constante \unidadeviscosidadeabs}
}

@symbol{s:coef-visc-pressao,
	name = {\ensuremath{\xi}},
	description = {coeficiente de viscosidade-press\~ao \semunidade}
}

@symbol{s:indice-visc-pressao,
	name = {\ensuremath{z}},
	description = {\'indice de viscosidade-press\~ao \semunidade}
}

@symbol{s:amort-filme,
	name = {\ensuremath{c_{EHD}}},
	description = {amortecimento elastohidrodin\^amico \unidadeamortecimento}
}

@symbol{s:rig-naolin-filme,
	name = {\ensuremath{k_{EHD}}},
	description = {rigidez elastohidrodin\^amica n\~ao-linear [N/m\textsuperscript{j}]}
}

@symbol{s:forca-sust-filme,
	name = {\ensuremath{\Delta F_{EHD}}},
	description = {for\c{c}a elastohidrodin\^amica constante de sustenta\c{c}\~ao \unidadeforca}
}

@symbol{s:deformacao,
	name = {\ensuremath{\delta}},
	description = {deforma\c{c}\~ao el\'astica \unidadeposicao}
}

@comment{Rolamentos}
@symbol{s:rol-diam-int,
	name = {\ensuremath{D_i}},
	description = {di\^ametro interno \unidadeposicao}
}

@symbol{s:rol-diam-ext,
	name = {\ensuremath{D_o}},
	description = {di\^ametro externo \unidadeposicao}
}

@symbol{s:rol-diam-espec,
	name = {\ensuremath{D_p}},
	description = {di\^ametro espec\'ifico do rolamento \unidadeposicao}
}

@symbol{s:rol-diam-esferas,
	name = {\ensuremath{D_b}},
	description = {di\^ametro das esferas ou rolos \unidadeposicao}
}

@symbol{s:rol-num-esferas,
	name = {\ensuremath{N_b}},
	description = {n\'umero de esferas ou rolos do rolamento \semunidade}
}

@symbol{s:rol-raio-groove,
	name = {\ensuremath{r_g}},
	description = {raio da calha do anel do rolamento \unidadeposicao}
}

@symbol{s:rol-folga-diam,
	name = {\ensuremath{c_d}},
	description = {folga diametral do rolamento \unidadeposicao}
}

@symbol{s:rol-carga-elemento,
	name = {\ensuremath{w_\psi}},
	description = {carga em um elemento rolante \unidadeforca}
}

@symbol{s:rol-carga-maxima-elemento,
	name = {\ensuremath{(w_z)_{max}}},
	description = {carga no elemento rolante mais solicitado \unidadeforca}
}

@symbol{s:rol-angulo-contato,
	name = {\ensuremath{\alpha}},
	description = {\^angulo de contato das esferas \unidadeangulo}
}

@symbol{s:rol-angulo-carregamento,
	name = {\ensuremath{\psi}},
	description = {\^angulo em rela\c{c}\~ao \`{a} esfera mais carregada \unidadeangulo}
}

@symbol{s:rol-extensao-carregamento,
	name = {\ensuremath{\psi_l}},
	description = {extens\~ao angular do carregamento \unidadeangulo}
}

@symbol{s:rol-massa-anel,
	name = {\ensuremath{m_r}},
	description = {massa do anel do rolamento \unidademassa}
}

@symbol{s:rol-rig-anel,
	name = {\ensuremath{k_r}},
	description = {rigidez do anel do rolamento \unidaderigidez}
}

@symbol{s:freq-rol-def-out,
	name = {\ensuremath{BPFO}},
	description = {frequ\^encia de passagem pelo defeito na pista externa \unidadevelocidadeangular}
}

@symbol{s:freq-rol-def-in,
	name = {\ensuremath{BPFI}},
	description = {frequ\^encia de passagem pelo defeito na pista interna \unidadevelocidadeangular}
}

@symbol{s:freq-rol-esfera,
	name = {\ensuremath{BSF}},
	description = {frequ\^encia de rota\c{c}\~ao das esferas ou rolos \unidadevelocidadeangular}
}

@symbol{s:freq-rol-gaiola,
	name = {\ensuremath{FTF}},
	description = {frequ\^encia fundamental da gaiola do rolamento \unidadevelocidadeangular}
}

@symbol{s:rol-forca-din-impacto,
	name = {\ensuremath{F_D}},
	description = {componente din\^amica da for\c{c}a de impacto \unidadeforca}
}

@symbol{s:rol-forca-tot-impacto,
	name = {\ensuremath{F_T}},
	description = {for\c{c}a total de impacto \unidadeforca}
}

@symbol{s:rol-comp-defeito,
	name = {\ensuremath{d_{def}}},
	description = {comprimento do defeito localizado \unidadeposicao}
}

@symbol{s:rol-coef-impacto,
	name = {\ensuremath{K_{imp}}},
	description = {coeficiente de impacto \unidadeforca}
}

@symbol{s:rol-amplitude-sensor,
	name = {\ensuremath{\gamma}},
	description = {amplitude de vibra\c{c}\~ao medida pelo aceler\^ometro \unidadeposicao}
}