@Book{bib:rao,
	author = {Singiresu S. Rao},
	title = {Vibrações Mecânicas},
	publisher = {Pearson Prentice Hall},
	year = {2008},
	address = {São Paulo},
	edition = {4},
}